@LanguageResource{speecon,
    author = "{Speecon Consortium}",
    title = "Dutch Speecon Database",
    publisher = "Speecon Project, distributed via ELRA",
    year = "2014",
    series = "Speecon resources",
    edition = "1.0",
    islrn = "613-489-674-355-0",
}

